<?xml version="1.0" encoding="UTF-8"?><record xmlns="http://www.loc.gov/MARC21/slim" xmlns:cinclude="http://apache.org/cocoon/include/1.0" xmlns:zs="http://www.loc.gov/zing/srw/">
  <leader>00771cz  a2200181n  4500</leader>
  <controlfield tag="001">no 93009639 </controlfield>
  <controlfield tag="003">DLC</controlfield>
  <controlfield tag="005">20081223072425.0</controlfield>
  <controlfield tag="008">930405n| acannaabn          |a aaa     c</controlfield>
  <datafield tag="010" ind1=" " ind2=" ">
    <subfield code="a">no 93009639 </subfield>
    <subfield code="z">no2008170058</subfield>
  </datafield>
  <datafield tag="035" ind1=" " ind2=" ">
    <subfield code="a">(OCoLC)oca03369767</subfield>
  </datafield>
  <datafield tag="040" ind1=" " ind2=" ">
    <subfield code="a">ICRL</subfield>
    <subfield code="b">eng</subfield>
    <subfield code="c">ICRL</subfield>
    <subfield code="d">MH-P</subfield>
    <subfield code="d">DLC</subfield>
  </datafield>
  <datafield tag="100" ind1="1" ind2=" ">
    <subfield code="a">I︠A︡strebova, I. P.</subfield>
    <subfield code="q">(Irina Pavlovna),</subfield>
    <subfield code="d">1910-</subfield>
  </datafield>
  <datafield tag="400" ind1="1" ind2=" ">
    <subfield code="a">I︠A︡strebova, Irina Pavlovna,</subfield>
    <subfield code="d">1910-</subfield>
  </datafield>
  <datafield tag="400" ind1="1" ind2=" ">
    <subfield code="a">Yastrebova, I. P.</subfield>
    <subfield code="q">(Irina Pavlovna),</subfield>
    <subfield code="d">1910-</subfield>
  </datafield>
  <datafield tag="670" ind1=" " ind2=" ">
    <subfield code="a">Rabochiĭ klass Afriki, 1966:</subfield>
    <subfield code="b">verso t.p. (I.P. I︠A︡strebova)</subfield>
  </datafield>
  <datafield tag="670" ind1=" " ind2=" ">
    <subfield code="a">Miliband, S.D. Biobibliograf. slov. sov. vostokovedov, 1975:</subfield>
    <subfield code="b">p. 639 (I︠A︡strebova Irina Pavlovna; b. 5/3/1910; kand. ėkon. nauk)</subfield>
  </datafield>
  <datafield tag="670" ind1=" " ind2=" ">
    <subfield code="a">Les études africaines en U.R.S.S., 1969:</subfield>
    <subfield code="b">t.p. (I.P. Yastrebova)</subfield>
  </datafield>
</record>